@article{yerkes1908,
  title={The relation of strength of stimulus to rapidity of habit-formation},
  author={Yerkes, Robert M and Dodson, John D},
  journal={Journal of Comparative Neurology and Psychology},
  volume={18},
  number={5},
  pages={459--482},
  year={1908},
  publisher={Wiley Online Library}
}

@article{sweller1988,
  title={Cognitive load during problem solving: Effects on learning},
  author={Sweller, John},
  journal={Cognitive Science},
  volume={12},
  number={2},
  pages={257--285},
  year={1988},
  publisher={Wiley Online Library}
}

@article{diamond2005,
  title={Attention-deficit disorder (attention-deficit/hyperactivity disorder, ADHD) and executive functions},
  author={Diamond, Adele},
  journal={Development and Psychopathology},
  volume={17},
  number={3},
  pages={807--825},
  year={2005},
  publisher={Cambridge University Press}
}

@article{paas2003,
  title={Cognitive load theory and instructional design: Recent developments},
  author={Paas, Fred and Renkl, Alexander and Sweller, John},
  journal={Educational Psychologist},
  volume={38},
  number={1},
  pages={1--4},
  year={2003},
  publisher={Taylor \& Francis}
}

@article{vanmerrienboer2005,
  title={Cognitive load theory and complex learning: Recent developments and future directions},
  author={Van Merri{\"e}nboer, Jeroen JG and Sweller, John},
  journal={Educational Psychology Review},
  volume={17},
  number={2},
  pages={147--177},
  year={2005},
  publisher={Springer}
}

@article{beilock2001,
  title={On the fragility of skilled performance: What governs choking under pressure?},
  author={Beilock, Sian L and Carr, Thomas H},
  journal={Journal of Experimental Psychology: General},
  volume={130},
  number={4},
  pages={701--725},
  year={2001},
  publisher={American Psychological Association}
}

@article{masters1992,
  title={Knowledge, knerves and know-how: The role of explicit versus implicit knowledge in the breakdown of a complex motor skill under pressure},
  author={Masters, Richard SW},
  journal={British Journal of Psychology},
  volume={83},
  number={3},
  pages={343--358},
  year={1992},
  publisher={Wiley Online Library}
}

@article{fuster2021,
  title={Evaluation of cognitive load in team sports: Literature review},
  author={Fuster, Pablo and Garcia, Antonio and Ib{\'a}{\~n}ez, Sergio J},
  journal={PeerJ},
  volume={9},
  pages={e11023},
  year={2021},
  publisher={PeerJ Inc.}
}

@article{macmahon2009,
  title={Knowledge base as a mechanism for perceptual-cognitive tasks: Skill is in the details!},
  author={MacMahon, Clare and McPherson, Sian L},
  journal={International Journal of Sport Psychology},
  volume={40},
  number={4},
  pages={565--579},
  year={2009}
}

@article{wilson2009,
  title={The influence of anxiety on visual attentional control in basketball free throw shooting},
  author={Wilson, Mark R and Vine, Samuel J and Wood, Greg},
  journal={Journal of Sport and Exercise Psychology},
  volume={31},
  number={2},
  pages={152--168},
  year={2009},
  publisher={Human Kinetics}
}

@misc{healthline2022,
  title={Yerkes-Dodson Law: How Stress Affects Performance},
  author={{Healthline}},
  year={2022},
  howpublished={\url{https://www.healthline.com/health/yerkes-dodson-law}},
  note={Retrieved from \url{https://www.healthline.com/health/yerkes-dodson-law}}
}

@article{kahneman1973,
  title={Attention and effort},
  author={Kahneman, Daniel},
  journal={Prentice-Hall},
  year={1973},
  publisher={Englewood Cliffs, NJ}
}

@article{norman1975,
  title={On data-limited and resource-limited processes},
  author={Norman, Donald A and Bobrow, Daniel G},
  journal={Cognitive Psychology},
  volume={7},
  number={1},
  pages={44--64},
  year={1975},
  publisher={Elsevier}
}

@article{hockey1997compensatory,
  title={Compensatory control in the regulation of human performance under stress and high workload: A cognitive-energetical framework},
  author={Hockey, G. Robert J},
  journal={Biological Psychology},
  volume={45},
  number={1-3},
  pages={73--93},
  year={1997},
  publisher={Elsevier}
}

@article{baumeister1984choking,
  title={Choking under pressure: Self-consciousness and paradoxical effects of incentives on skillful performance},
  author={Baumeister, Roy F},
  journal={Journal of Personality and Social Psychology},
  volume={46},
  number={3},
  pages={610--620},
  year={1984},
  publisher={American Psychological Association}
}
